%% This BibTeX bibliography file was created using BibDesk.
%% http://bibdesk.sourceforge.net/


%% Created for Martin Madsen at 2014-03-21 14:07:30 +0100 


%% Saved with string encoding Unicode (UTF-8) 



@misc{sarle1997,
	Author = {Sarle, Warren S.},
	Date-Added = {2014-03-21 12:54:09 +0000},
	Date-Modified = {2014-03-21 13:02:18 +0000},
	Howpublished = {\url{ftp://ftp.sas.com/pub/neural/FAQ3.html#A_hu}},
	Month = {May},
	Title = {Neural Network {FAQ}},
  Note = {Accessed: 2014-03-21},
	Year = {2012}}

@incollection{ursem2002diversity,
	Author = {Ursem, Rasmus K},
	Booktitle = {Parallel Problem Solving from Nature---PPSN VII},
	Pages = {462--471},
	Publisher = {Springer},
	Title = {Diversity-guided evolutionary algorithms},
	Year = {2002}}

@techreport{Prechelt94c,
	Address = {D-76128 Karlsruhe, Germany},
	Author = {Lutz Prechelt},
	Institution = {Fakult\"at f\"ur Informatik, Universit\"at Karlsruhe},
	Month = sep,
	Note = {Anonymous FTP: /pub/pa\-pers/tech\-reports/1994/1994-21.ps.Z on ftp.ira.uka.de},
	Number = {21/94},
	Title = {{PROBEN1} --- {A} Set of Benchmarks and Benchmarking Rules for Neural Network Training Algorithms},
	Year = {1994}}
